<?xml version="1.0" encoding="UTF-8"?><collection xmlns="http://www.loc.gov/MARC21/slim"><record><leader>00676nam--2200193-i-4500</leader><controlfield tag="001">000031298</controlfield><controlfield tag="002">20161230</controlfield><controlfield tag="005">20161230201038</controlfield><controlfield tag="008">060222s1000------------r-----000-0-eng-d</controlfield><datafield ind1=" " ind2=" " tag="040"><subfield code="a">IFIN-HH</subfield></datafield><datafield ind1=" " ind2=" " tag="080"><subfield code="a">517.957(0861.3)</subfield></datafield><datafield ind1="1" ind2=" " tag="100"><subfield code="a">Kim, Y.S. /S.A.</subfield></datafield><datafield ind1="1" ind2="0" tag="245"><subfield code="a">Lecture notes in physics. vol.278: the physics of phase space. nonlinear dynamics and chaos, geometric quantization, and wigner function. proceedings, college park, maryland 1986</subfield><subfield code="c">Y.s. kim, w.w. zachary (eds.)</subfield></datafield><datafield ind1=" " ind2=" " tag="260"><subfield code="a">Berlin</subfield><subfield code="b">Springer-verlag</subfield><subfield code="c">1986</subfield></datafield><datafield ind1=" " ind2=" " tag="300"><subfield code="a">IX+449P</subfield></datafield><datafield ind1=" " ind2=" " tag="490"><subfield code="a">Lecture Notes In Physics, 278</subfield></datafield><datafield ind1="1" ind2=" " tag="700"><subfield code="a">Zachary, W.W</subfield><subfield code="c">53</subfield><subfield code="e">Ed</subfield></datafield><datafield ind1=" " ind2=" " tag="852"><subfield code="a">33191</subfield></datafield><datafield ind1=" " ind2=" " tag="CAT"><subfield code="a">Sys</subfield><subfield code="c">20150309</subfield><subfield code="h">102140</subfield></datafield></record></collection>